<record><leader>00000cas a22000007a 4500</leader><controlfield tag="001">18810062</controlfield><controlfield tag="008">881129d1932196udeuwr ne      0    0eng d</controlfield><datafield ind1=" " ind2=" " tag="010"><subfield code="a">sn 88053101 </subfield></datafield><datafield ind1=" " ind2=" " tag="040"><subfield code="a">DEX</subfield><subfield code="b">eng</subfield><subfield code="c">DEX</subfield><subfield code="d">OCLCQ</subfield></datafield><datafield ind1=" " ind2=" " tag="042"><subfield code="a">msc</subfield></datafield><datafield ind1="0" ind2="4" tag="245"><subfield code="a">The Bi-state weekly.</subfield></datafield><datafield ind1=" " ind2=" " tag="260"><subfield code="a">Delmar, Del. :</subfield><subfield code="b">G.T. and E.F. Jones</subfield></datafield><datafield ind1=" " ind2=" " tag="300"><subfield code="a">v.</subfield></datafield><datafield ind1="1" ind2=" " tag="362"><subfield code="a">Began with Oct. 21, 1932 issue.</subfield></datafield><datafield ind1=" " ind2=" " tag="580"><subfield code="a">Merged with: State register (Laurel, Del. : 1904), to form: State register and the bi-state weekly, and: Bi-state weekly and the State register.</subfield></datafield><datafield ind1=" " ind2=" " tag="588"><subfield code="a">Description based on: Vol. 6, no. 14 (Jan. 14, 1938).</subfield></datafield><datafield ind1=" " ind2=" " tag="752"><subfield code="a">United States</subfield><subfield code="b">Delaware</subfield><subfield code="c">Sussex</subfield><subfield code="d">Delmar.</subfield></datafield><datafield ind1="1" ind2="7" tag="785"><subfield code="t">State register (Laurel, Del. : 1904)</subfield><subfield code="w">(DLC)sn 88053149</subfield></datafield><datafield ind1="1" ind2="7" tag="785"><subfield code="t">State register and the bi-state weekly</subfield><subfield code="w">(DLC)sn 89099211</subfield></datafield><datafield ind1="1" ind2="7" tag="785"><subfield code="t">Bi-state weekly and the State register</subfield><subfield code="w">(DLC)sn 89099212</subfield></datafield></record>